<?xml version="1.0" encoding="utf-8"?>
<record xmlns="http://www.loc.gov/MARC21/slim" xmlns:xsi="http://www.w3.org/2001/XMLSchema-instance" xsi:schemaLocation="http://www.loc.gov/MARC21/slim http://www.loc.gov/standards/marcxml/schema/MARC21slim.xsd">
	<leader>     nam a22     Mi 4500</leader>
	<controlfield tag="001">b12160696</controlfield>
	<controlfield tag="003">UaCaAUL</controlfield>
	<controlfield tag="006">m        d        </controlfield>
	<controlfield tag="007">cr cn |||m|||a</controlfield>
	<controlfield tag="008">200214s1929    ua abf  ob   f000 0 ara d</controlfield>
	<datafield ind1=" " ind2=" " tag="040">
		<subfield code="a">ZYU</subfield>
		<subfield code="b">ara</subfield>
		<subfield code="e">rda</subfield>
		<subfield code="c">ZYU</subfield>
	</datafield>
	<datafield ind1="1" ind2=" " tag="041">
		<subfield code="a">ara</subfield>
		<subfield code="h">eng</subfield>
	</datafield>
	<datafield ind1=" " ind2=" " tag="043">
		<subfield code="a">f-ua---</subfield>
	</datafield>
	<datafield ind1=" " ind2="4" tag="050">
		<subfield code="a">DT83</subfield>
		<subfield code="b">.B74125 1929</subfield>
	</datafield>
	<datafield ind1=" " ind2="4" tag="050">
		<subfield code="a">DT83</subfield>
		<subfield code="b">.B78212 1929</subfield>
	</datafield>
	<datafield ind1="1" ind2=" " tag="100">
		<subfield code="6">880-01</subfield>
		<subfield code="a">Breasted, James Henry,</subfield>
		<subfield code="d">1865-1935.</subfield>
	</datafield>
	<datafield ind1="1" ind2="0" tag="240">
		<subfield code="a">History of Egypt from the earliest times to the Persian conquest.</subfield>
		<subfield code="l">Arabic.</subfield>
		<subfield code="f">1929</subfield>
	</datafield>
	<datafield ind1="1" ind2="0" tag="245">
		<subfield code="6">880-02</subfield>
		<subfield code="a">Kitāb tārīkh Miṣr min aqdam al-ʻuṣūr ilá al-fatḥ al-Fārisī /</subfield>
		<subfield code="c">taʼlīf al-ustādh Zhīms Hinrī Bristid, ustādh ʻilm al-āthār al-Miṣrīyah wa-tārīkh al-shaerq bi-Jāmiʻat Shīkājū, wa-mudīr Dār al-Tuḥaf al-Sharqīyahbi-madīnat Hāskil, wa-al-ʻuḍw al-murāsil lil-Mujammaʻ al-ʻIlmī bi-Birlīn ; wa-tarjamat al-duktūr Ḥasan Kamāl, al-duktūr bi-mustashfá al-Ḥummīyāt bi-al-ʻAbbāsīyah, wa-al-ʻuḍw bi-al-Kullīyah al-Jirāḥīyah al-Malakīyah bi-Injiltirā ; rājaʻahu wa-ṣaḥḥaḥahu Muḥammad Ḥasanayn al-Ghamrāwī Bik, al-mufattish al-awwal li-lughah al-ʻArabīyah bi-Wizārat al-Maʻārif.</subfield>
	</datafield>
	<datafield ind1="3" ind2="0" tag="246">
		<subfield code="6">880-03</subfield>
		<subfield code="a">Tārīkh Miṣr min aqdam al-ʻuṣūr ilá al-fatḥ al-Fārisī</subfield>
	</datafield>
	<datafield ind1=" " ind2=" " tag="250">
		<subfield code="6">880-04</subfield>
		<subfield code="a">al-Ṭabʻah al-ūlá.</subfield>
	</datafield>
	<datafield ind1=" " ind2="1" tag="264">
		<subfield code="6">880-05</subfield>
		<subfield code="a">al-Qāhirah :</subfield>
		<subfield code="b">bi-al-Maṭbaʻah al-Amīrīyah bi-al-Qāhirah,</subfield>
		<subfield code="c">1347 H, 1929 M.</subfield>
	</datafield>
	<datafield ind1=" " ind2=" " tag="300">
		<subfield code="a">online resource (22, 409 pages, 75 leaves of plates (1 color)) :</subfield>
		<subfield code="b">illustrations, maps</subfield>
	</datafield>
	<datafield ind1=" " ind2=" " tag="336">
		<subfield code="a">text</subfield>
		<subfield code="2">rdacontent</subfield>
	</datafield>
	<datafield ind1=" " ind2=" " tag="337">
		<subfield code="a">computer</subfield>
		<subfield code="2">rdamedia</subfield>
	</datafield>
	<datafield ind1=" " ind2=" " tag="338">
		<subfield code="a">online resource</subfield>
		<subfield code="2">rdacarrier</subfield>
	</datafield>
	<datafield ind1=" " ind2=" " tag="500">
		<subfield code="6">880-06</subfield>
		<subfield code="a">At head of title: Wizārat al-Maʻārif al-ʻUmūmīyah.</subfield>
	</datafield>
	<datafield ind1=" " ind2=" " tag="500">
		<subfield code="6">880-07</subfield>
		<subfield code="a">Qarrarat Wizārat al-Maʻārif al-ʻUmūmīyah hādhā al-kitāb li-ṭalabat Madrasat al-Muʻallimīn al-ʻUlyā.</subfield>
	</datafield>
	<datafield ind1=" " ind2=" " tag="500">
		<subfield code="6">880-08</subfield>
		<subfield code="a">&quot;al-Maṭbaʻah al-Amīrīyah 9698/1926/3000.&quot;--At the end of the book.</subfield>
	</datafield>
	<datafield ind1=" " ind2=" " tag="500">
		<subfield code="6">880-09</subfield>
		<subfield code="a">Ḥaq al-ṭabʻ maḥfūẓ li-Wizārat al-Maʻārif.</subfield>
	</datafield>
	<datafield ind1=" " ind2=" " tag="500">
		<subfield code="a">Some leaves of plates have the same number of facing pages.</subfield>
	</datafield>
	<datafield ind1=" " ind2=" " tag="500">
		<subfield code="a">Part of the Arabic Collections Online (ACO) project, contributed by American University in Cairo Library.</subfield>
	</datafield>
	<datafield ind1=" " ind2=" " tag="504">
		<subfield code="a">Includes bibliographical references.</subfield>
	</datafield>
	<datafield ind1=" " ind2=" " tag="533">
		<subfield code="a">Electronic reproduction.</subfield>
		<subfield code="b">New York, N.Y. :</subfield>
		<subfield code="c">New York University,</subfield>
		<subfield code="d">2020.</subfield>
		<subfield code="5">NNU</subfield>
	</datafield>
	<datafield ind1=" " ind2=" " tag="546">
		<subfield code="a">Translation of A history of Egypt from the earliest times to the Persian conquest.</subfield>
	</datafield>
	<datafield ind1=" " ind2="0" tag="651">
		<subfield code="a">Egypt</subfield>
		<subfield code="x">History, Ancient.</subfield>
	</datafield>
	<datafield ind1=" " ind2="7" tag="650">
		<subfield code="a">History, Ancient.</subfield>
		<subfield code="2">fast</subfield>
		<subfield code="0">(OCoLC)fst00958352</subfield>
	</datafield>
	<datafield ind1=" " ind2="7" tag="651">
		<subfield code="a">Egypt.</subfield>
		<subfield code="2">fast</subfield>
		<subfield code="0">(OCoLC)fst01208755</subfield>
	</datafield>
	<datafield ind1="1" ind2=" " tag="700">
		<subfield code="6">880-10</subfield>
		<subfield code="a">Kamāl, Ḥasan.</subfield>
	</datafield>
	<datafield ind1="1" ind2=" " tag="700">
		<subfield code="6">880-11</subfield>
		<subfield code="a">Ghamrāwī, Muḥammad Ḥasanayn.</subfield>
	</datafield>
	<datafield ind1="1" ind2=" " tag="710">
		<subfield code="6">880-12</subfield>
		<subfield code="a">Egypt.</subfield>
		<subfield code="b">Wizārat al-Maʻārif al-ʻUmūmīyah.</subfield>
	</datafield>
	<datafield ind1="2" ind2=" " tag="710">
		<subfield code="a">American University in Cairo.</subfield>
		<subfield code="b">Library.</subfield>
	</datafield>
	<datafield ind1="0" ind2=" " tag="730">
		<subfield code="a">Arabic Collections Online.</subfield>
	</datafield>
	<datafield ind1="0" ind2="8" tag="776">
		<subfield code="i">Print version:</subfield>
		<subfield code="a">Breasted, James Henry, 1865-1935.</subfield>
		<subfield code="t">Kitāb tārīkh Miṣr min aqdam al-ʻuṣūr ilá al-fatḥ al-Fārisī</subfield>
		<subfield code="w">(UaCaAUL)b12160696</subfield>
		<subfield code="w">(OCoLC)122722755</subfield>
	</datafield>
	<datafield ind1="4" ind2="0" tag="856">
		<subfield code="u">http://hdl.handle.net/2333.1/j3tx9gd9</subfield>
	</datafield>
	<datafield ind1="1" ind2=" " tag="880">
		<subfield code="6">100-01</subfield>
		<subfield code="a">برستد، چيمس هنري،</subfield>
		<subfield code="d">1865-1935.</subfield>
	</datafield>
	<datafield ind1="1" ind2="0" tag="880">
		<subfield code="6">245-02</subfield>
		<subfield code="a">كتاب تاريخ مصر من أقدم العصور الى الفتح الفارسي /</subfield>
		<subfield code="c">تأليف الأستاذ چيمس هنري برستد، أستاذ علم الآثار المصرية وتاريخ الشرق بجامعة شيكاجو، ومدير دار التحف الشرقية بمدينة هاسكل، والعضو المراسل للمجمع العلمي ببرلين ؛ وترجمة الدكتور حسن كمال، الدكتور بمستشفى الحميات بالعباسية، والعدو بالكلية الجراحية الملكية بانجلترا ؛ راجعه وصححه محمد حسنين الغمراوي بك، المفتش الHول للغة العربية بوزارة المعارف.</subfield>
	</datafield>
	<datafield ind1="3" ind2="0" tag="880">
		<subfield code="6">246-03</subfield>
		<subfield code="a">تاريخ مصر من أقدم العصور إلى الفتح الفارسي</subfield>
	</datafield>
	<datafield ind1=" " ind2=" " tag="880">
		<subfield code="6">250-04</subfield>
		<subfield code="a">الطبعة الأولى.</subfield>
	</datafield>
	<datafield ind1=" " ind2="1" tag="880">
		<subfield code="6">264-05</subfield>
		<subfield code="a">القاهرة :</subfield>
		<subfield code="b">بالمطبعة الأميرية بالقاهرة،</subfield>
		<subfield code="c">1347 ه، 1929 م.</subfield>
	</datafield>
	<datafield ind1=" " ind2=" " tag="880">
		<subfield code="6">500-06</subfield>
		<subfield code="a">At head of title: وزارة المعارف العمومية.</subfield>
	</datafield>
	<datafield ind1=" " ind2=" " tag="880">
		<subfield code="6">500-07</subfield>
		<subfield code="a">قررت وزارة المعارف العمومية هذا الكتاب لطلبة مدرسة المعلمين العليا.</subfield>
	</datafield>
	<datafield ind1=" " ind2=" " tag="880">
		<subfield code="6">500-08</subfield>
		<subfield code="a">&quot;المطبعة الأميرية 9698/1926/3000.&quot;--At the end of the book.</subfield>
	</datafield>
	<datafield ind1=" " ind2=" " tag="880">
		<subfield code="6">500-09</subfield>
		<subfield code="a">حق الطبع محفوظ لوزارة المعارف.</subfield>
	</datafield>
	<datafield ind1="1" ind2=" " tag="880">
		<subfield code="6">700-10</subfield>
		<subfield code="a">كمال، حسن.</subfield>
	</datafield>
	<datafield ind1="1" ind2=" " tag="880">
		<subfield code="6">700-11</subfield>
		<subfield code="a">غمراوي، محمد حسنين.</subfield>
	</datafield>
	<datafield ind1="1" ind2=" " tag="880">
		<subfield code="6">710-12</subfield>
		<subfield code="a">مصر.</subfield>
		<subfield code="b">وزارة المعارف العمومية.</subfield>
	</datafield>
	<datafield ind1=" " ind2=" " tag="959">
		<subfield code="a">NNU</subfield>
		<subfield code="b">WEB</subfield>
		<subfield code="c">GENI</subfield>
		<subfield code="t">0</subfield>
		<subfield code="m">Electronic access</subfield>
		<subfield code="s">01</subfield>
	</datafield>
	<datafield ind1=" " ind2=" " tag="999">
		<subfield code="i">UaCaAUL_b12160696</subfield>
		<subfield code="o">(OCoLC)ocn122722755</subfield>
		<subfield code="s">auc_aco000825</subfield>
		<subfield code="e">(ERROR-880)</subfield>
		<subfield code="s">auc_aco000825</subfield>
	</datafield>
</record>
